@online{awsMicroServicesDef,
    title = {What are microservices?},
    url = {https://aws.amazon.com/microservices/},
    date = {2022-02},
    urlDate = {2022-02-10},
    author = {{Amazon AWS}},
}

@misc{microservicesNotBinary,
    title = {When To Use Microservices (And When Not To!)},
    url = {https://www.youtube.com/watch?v=GBTdnfD6s5Q},
    author = {Sam Newman and Martin Fowler },
    date = {2020-09},
    note = {Remark by Sam Newman (minute 6:45)},
    urlDate = {2022-02-10},
}

@misc{bcBrokerageSplit,
    title = {{Brokerage service separated from main retail core service}},
    author = {{Anonymous for Review}},
    date = {2021},
    howpublished = {Personal Communication},
    organisation = {Blockchain},
}

@misc{gothard_2020,
    title = {Ticketmaster turns to the cloud to handle huge spikes in traffic during Big Event Launches},
    url = {https://www.computing.co.uk/news/2451132/ticketmaster-turns-to-the-cloud-to-handle-huge-spikes-in-traffic-during-big-event-launches},
    journal = {Computing},
    author = {Gothard, Peter},
    year = {2020},
    month = {Jan}
}

@misc{barua_2018,
    title = {Handling traffic spikes from global events at Facebook live},
    url = {https://www.infoq.com/news/2018/02/facebook-live-scaling/},
    journal = {InfoQ},
    publisher = {InfoQ},
    author = {Barua, Hrishikesh},
    year = {2018},
    month = {Feb}
}

@online{whittaker,
    title = {An Illustrated Proof of the CAP Theorem},
    date = {2022},
    url = {https://mwhittaker.github.io/blog/an_illustrated_proof_of_the_cap_theorem/},
    author = {Whittaker, Michael},
    urldate = {2022-02-13},
}

@online{awsTeamPart,
    title = {Service Team Pattern},
    date = {2022},
    urldate = {2022-02-14},
    author = {{Amazon AWS}},
    url = {https://docs.aws.amazon.com/prescriptive-guidance/latest/modernization-decomposing-monoliths/service-per-team.html}
}


@online{blastRadius,
    subtitle = {{Help isolate the “blast radius” of service failures}},
    title = {When to Use Microservices: Sam Newman and Martin Fowler Share Their Knowledge},
    date = {2021},
    urldate = {2022-02-14},
    author = {{Jeremy H, Martin Fowler, Sam Newman}},
    url = {https://blog.dreamfactory.com/when-to-use-microservices-sam-newman-and-martin-fowler-share-their-knowledge/}
}
