@online{theLeanStartup,
    author = {Eric Reis},
    title = {The Lean Startup},
    url = {https://www.youtube.com/watch?v=fEvKo90qBns},
    urldate = {2022-01-26},
    date = {2011-04-07}
}

@online{fowlerCi,
    author = {Martin Fowler},
    title = {Continuous Delivery},
    url = {https://www.youtube.com/watch?v=aoMfbgF2D_4},
    urldate = {2022-01-26},
    date = {2015-01-31}
}

@online{dragichApm,
    author = {Larry Dragich},
    title = {The Anatomy of APM},
    url = {https://www.apmdigest.com/the-anatomy-of-apm-4-foundational-elements-to-a-successful-strategy},
    date = {2021-04-04},
    urldate = {2022-01-26},
}

@online{theLeanStartupBlog,
    author = {Eric Reis},
    title = {The Lean Startup Methodology},
    url = {http://theleanstartup.com/principles},
    urldate = {2022-01-26},
    date = {2011-04-07}
}

@misc{coke, title = {The Coca-Cola Company completes acquisition of costa: Press release}, url = {https://www.coca-colacompany.com/press-releases/the-coca-cola-company-completes-acquisition-of-costa}, journal = {The Coca-Cola Company} }

@misc{orange,
    title = {Orange fails to land partner for Ailing Bank Business},
    url = {https://www.lightreading.com/services/orange-fails-to-land-partner-for-ailing-bank-business/d/d-id/772486},
    journal = {Light Reading},
    author = {News Analysis Iain Morris, International Editor 10/1/2021 and Theodore Tzevelekis, Vice President and Head and Gurudatt Shenoy, Vice President and Technology, Aspire and Tommi Luukkala, Head of Portfolio Management and Gonçalo Jara, Test Automation Lead and Jon Pelson, Author and Mattias Fridström, Telia Carrier},
    year = {2021}
}

@online{bcAbout,
    author = {{Blockchain}},
    title = {About},
    date = {2022-02},
    url = {https://www.blockchain.com/about},
    urldate = {09/02/2022},
}

@online{coinbasePro,
    author = {{Coinbase}},
    title = {{Coinbase Pro Exchange}},
    date = {2022-02},
    url = {https://pro.coinbase.com/},
    urldate = {2022-02-12},
}

@online{conwayLaw,
    author = {Melvin E. Conway},
    title = {How Do Committees Invent},
    date = {1968-04},
    url = {http://www.melconway.com/Home/Committees_Paper.html},
    urldate = {2022-02-12},
}

@online{fowlerES,
    author = {Martin Fowler},
    title = {Event Sourcing},
    date = {2005-12-12},
    url = {https://martinfowler.com/eaaDev/EventSourcing.html},
    urldate = {2022-02-12},
}

@inbook{bowlerTruckFactor,
    author = {Michael Bowler},
    title = {Truck Factor},
    date = {2005-05-15},
    url = {https://www.agileadvice.com/2005/05/15/agilemanagement/truck-factor/},
    urldate = {2022-02-12},
    booktitle = {Agile Advice},
}

@online{nomadBlueGreen,
    author = {{HashiCorp Learn}},
    subtitle = {Nomad},
    title = {Blue/Green \& Canary Deployments},
    date = {2022},
    url = {https://learn.hashicorp.com/tutorials/nomad/job-blue-green-and-canary-deployments},
    urldate = {2022-02-15},
}
@book{attiya2004distributed,
    title = {Distributed computing: fundamentals, simulations, and advanced topics},
    author = {Attiya, Hagit and Welch, Jennifer},
    volume = {19},
    year = {2004},
    publisher = {John Wiley \& Sons},
}

@online{fowlerEventDriven,
    author = {Martin Fowler},
    journal = {MartinFowler.com},
    title = {What do you mean by “Event-Driven”?},
    date = {2017-02-07},
    url = {https://martinfowler.com/articles/201701-event-driven.html},
    urldate = {2022-02-15},
}

@online{fowlerUL,
    author = {Martin Fowler},
    journal = {MartinFowler.com},
    title = {Uniquitous Language},
    date = {2006-10-31},
    url = {https://www.martinfowler.com/bliki/UbiquitousLanguage.html},
    urldate = {2022-02-16},
}

@inbook{evansDomainDrivenDesignUL,
    author = {EricEvans},
    booktitle = {Domain-Driven Design: Tackling Complexity in the Heart of Software},
    title = {Ubiquitous Language},
    publisher = {Addison-Wesley Professional},
    isbn = {978-0321125217},
    year = {2004},
}

@online{gradle.org,
    author = {{Gradle Inc.}},
    title = {Gradle Build Tool},
    date = {2022},
    url = {https://gradle.org},
    urldate = {2022-02-16},
}

@article{spotifySquads,
    author = {Henrik Kniberg and Anders Ivarsson},
    title = {Scaling Agile \@ Spotify},
    journal = {journal},
    date = {2012-10},
    urldate = {2022-02-20},
    url = {https://blog.crisp.se/wp-content/uploads/2012/11/SpotifyScaling.pdf},
}

@online{googleSreIntro,
    author = {Benjamin Treynor Sloss and Betsy Beyer},
    title = {Site Reliability Engineering},
    subtitle = {Introduction},
    date = {2016},
    organization = {Google},
    url = {https://sre.google/sre-book/introduction/},
    urldate = {2022-2-20},
    url = {url},
}

@book{skelton2019topologies,
    title = {Team topologies: organizing business and technology teams for fast flow},
    author = {Skelton, Matthew and Pais, Manuel},
    year = {2019},
    publisher = {It Revolution},
}

@online{technopediaApm,
    author = {Kaushik Pal},
    title = {What makes application performance monitoring important?},
    date = {2017-01-02},
    url = {https://www.techopedia.com/what-makes-application-performance-monitoring-important/7/32193},
    urldate = {2022-02-24},
}

@article{etsyStatsd,
    author = {Ian Malpass},
    title = {Measure Anything, Measure Everything},
    journal = {Code as Craft},
    date = {2011-02-15},
    url = {https://codeascraft.com/2011/02/15/measure-anything-measure-everything/},
    urldate = {2022-02-24},
    organization = {Etsy},
}

@online{grafana,
    author = {{Grafana Labs}},
    title = {Aboout Grafana},
    date = {2022},
    url = {https://grafana.com/grafana},
    urldate = {2022-02-24},
}

@online{datadogApm,
    author = {{Datadog}},
    title = {Datadog Mondern Application Performance Monitoring (APM)},
    date = {2022},
    url = {https://www.datadoghq.com/product/apm/},
    urldate = {2022-02-14}
}

